<record><leader>00000cas a2200000 a 4500</leader><controlfield tag="001">29994242</controlfield><controlfield tag="008">940321c19789999tnuwr ne      0    0eng d</controlfield><datafield ind1=" " ind2=" " tag="010"><subfield code="a">sn 98069751 </subfield></datafield><datafield ind1=" " ind2=" " tag="040"><subfield code="a">TTU</subfield><subfield code="b">eng</subfield><subfield code="c">TTU</subfield><subfield code="d">OCL</subfield><subfield code="d">TGN</subfield><subfield code="d">OCL</subfield><subfield code="d">OCLCQ</subfield><subfield code="d">OCLCF</subfield><subfield code="d">OCLCO</subfield></datafield><datafield ind1="1" ind2=" " tag="029"><subfield code="a">AU@</subfield><subfield code="b">000013798307</subfield></datafield><datafield ind1=" " ind2=" " tag="042"><subfield code="a">msc</subfield></datafield><datafield ind1=" " ind2=" " tag="043"><subfield code="a">n-us-tn</subfield></datafield><datafield ind1=" " ind2=" " tag="090"><subfield code="a">AN1</subfield><subfield code="b">.M577</subfield></datafield><datafield ind1="0" ind2=" " tag="130"><subfield code="a">Mirror-exchange (Milan, Tenn.)</subfield></datafield><datafield ind1="1" ind2="4" tag="245"><subfield code="a">The mirror-exchange.</subfield></datafield><datafield ind1=" " ind2=" " tag="260"><subfield code="a">Milan, Tenn. :</subfield><subfield code="b">Bob Parkins,</subfield><subfield code="c">1978-</subfield></datafield><datafield ind1=" " ind2=" " tag="300"><subfield code="a">v. :</subfield><subfield code="b">ill. ;</subfield><subfield code="c">58 cm.</subfield></datafield><datafield ind1="0" ind2=" " tag="362"><subfield code="a">Vol. 13, no. 31 (Jan. 18, 1978)-</subfield></datafield><datafield ind1=" " ind2=" " tag="580"><subfield code="a">Formed by the union of: Milan mirror (Milan, Tenn.), and: Milan exchange.</subfield></datafield><datafield ind1=" " ind2="0" tag="651"><subfield code="a">Milan (Tenn.)</subfield><subfield code="v">Newspapers.</subfield></datafield><datafield ind1=" " ind2="0" tag="651"><subfield code="a">Gibson County (Tenn.)</subfield><subfield code="v">Newspapers.</subfield></datafield><datafield ind1=" " ind2="7" tag="655"><subfield code="a">Newspapers.</subfield><subfield code="2">fast</subfield><subfield code="0">(OCoLC)fst01423814</subfield></datafield><datafield ind1=" " ind2="7" tag="651"><subfield code="a">Tennessee</subfield><subfield code="z">Gibson County.</subfield><subfield code="2">fast</subfield><subfield code="0">(OCoLC)fst01219780</subfield></datafield><datafield ind1=" " ind2="7" tag="651"><subfield code="a">Tennessee</subfield><subfield code="z">Milan.</subfield><subfield code="2">fast</subfield><subfield code="0">(OCoLC)fst01224057</subfield></datafield><datafield ind1=" " ind2=" " tag="752"><subfield code="a">United States</subfield><subfield code="b">Tennessee</subfield><subfield code="c">Gibson</subfield><subfield code="d">Milan.</subfield></datafield><datafield ind1="1" ind2="4" tag="780"><subfield code="t">Milan mirror (Milan, Tenn.)</subfield><subfield code="w">(DLC)sn 98069750</subfield></datafield><datafield ind1="1" ind2="4" tag="780"><subfield code="t">Milan exchange</subfield><subfield code="w">(DLC)sn 86053488</subfield></datafield></record>